%%%%%================= PICARD ===================%%%%

@book{lavalle2006planning,
  title={Planning algorithms},
  author={LaValle, Steven M},
  year={2006},
  publisher={Cambridge university press}
}

@article{hart1968formal,
  title={A formal basis for the heuristic determination of minimum cost paths},
  author={Hart, Peter E and Nilsson, Nils J and Raphael, Bertram},
  journal={IEEE transactions on Systems Science and Cybernetics},
  volume={4},
  number={2},
  pages={100--107},
  year={1968},
  publisher={IEEE}
}

@inproceedings{moravec1985high,
  title={High resolution maps from wide angle sonar},
  author={Moravec, Hans and Elfes, Alberto},
  booktitle={Proceedings. 1985 IEEE international conference on robotics and automation},
  volume={2},
  pages={116--121},
  year={1985},
  organization={IEEE}
}

@book{dudek2010computational,
  title={Computational principles of mobile robotics},
  author={Dudek, Gregory and Jenkin, Michael},
  year={2010},
  publisher={Cambridge university press}
}