%%%%%%%%%%%%%%%%%%%%
% Please add here all your references in
% BibTeX style
% see for example: https://www.overleaf.com/blog/532-creating-and-managing-bibliographies-with-bibtex-on-overleaf
%%%%%%%%%%%%%%%%%%%%

@article{Robots2020,
  title={Discussion of two robots},
  author={Olivaw, Daneel  and Asimov, Isaac},
  journal={Nature},
  volume={548},
  number={7665},
  pages={43--51},
  year={2021},
  publisher={Nature Publishing Group}
}